<record xmlns="http://www.openarchives.org/OAI/2.0/" xmlns:xsi="http://www.w3.org/2001/XMLSchema-instance"><header><identifier>oai:alma.34CSIC_INST:990012275350204201</identifier><datestamp>2020-02-06T08:41:03Z</datestamp><setSpec>manuscripta</setSpec></header><metadata><record xmlns="http://www.loc.gov/MARC21/slim" xmlns:xsi="http://www.w3.org/2001/XMLSchema-instance" xsi:schemaLocation="http://www.loc.gov/MARC21/slim http://www.loc.gov/standards/marcxml/schema/MARC21slim.xsd"><leader>05250ntm a2200601 i 4500</leader><controlfield tag="005">20181031100343.0</controlfield><controlfield tag="008">100331q1500    sp            000 0 ara d</controlfield><controlfield tag="001">990012275350204201</controlfield><datafield tag="035" ind1=" " ind2=" "><subfield code="a">CSIC001227535</subfield></datafield><datafield tag="035" ind1=" " ind2=" "><subfield code="a">(ES-MaCSI)001227535MAD01-Aleph</subfield></datafield><datafield tag="035" ind1=" " ind2=" "><subfield code="a">(OCoLC)1123868784
</subfield></datafield><datafield tag="040" ind1=" " ind2=" "><subfield code="a">ES-MaCSI</subfield><subfield code="b">spa</subfield></datafield><datafield tag="080" ind1=" " ind2=" "><subfield code="a">091(=411.21)</subfield></datafield><datafield tag="080" ind1=" " ind2=" "><subfield code="a">28-534.3</subfield></datafield><datafield tag="240" ind1="1" ind2="1"><subfield code="a">[Rogaria para pedir por agua]</subfield></datafield><datafield tag="245" ind1="1" ind2="1"><subfield code="a">“Rogaria para rogar por agua”</subfield><subfield code="h">[Manuscrito]</subfield></datafield><datafield tag="260" ind1=" " ind2=" "><subfield code="a">[S.l.],</subfield><subfield code="c">[S. a., S. XVI].</subfield></datafield><datafield tag="300" ind1=" " ind2=" "><subfield code="a">85 ff. + 3 h.d.g. iniciales (Una col., entre 14 y 16 líneas por pág., con predominio de 15) :</subfield><subfield code="b">Papel ;</subfield><subfield code="c">20,1 x 14,5 cms (caja: 16,8 x 11 cms).</subfield></datafield><datafield tag="490" ind1="0" ind2=" "><subfield code="a">Manuscripta</subfield></datafield><datafield tag="500" ind1=" " ind2=" "><subfield code="a">Tinta marrón oscura; esporádicamente roja en los primeros folios para resaltar palabras, mediante su vocalización o su escritura completa en este color.</subfield></datafield><datafield tag="500" ind1=" " ind2=" "><subfield code="a">Incipit: Tras basmala y ʽunwānاِيَشَا ذَا رُّغَرْ دَاشْتَمَنَارَ كَالُشْكَابَّيَنْ اَرُّوُاغَر بُرْاَوَاَنْشَادَابَارْذُنَرْ اُنُشْ اَاُتُرُشْ</subfield></datafield><datafield tag="500" ind1=" " ind2=" "><subfield code="a">Explicit: نُوَاشْتْرَ رُّغَرِيَ اِذَنُشْ اَغُوَ يَا اللهْ شَانُّر بَّرْلَلْبُرَقَ كَا بُشِشْتَا ءَانَالَسُورَ دَا</subfield></datafield><datafield tag="500" ind1=" " ind2=" "><subfield code="a">Tinta negra; algunos epígrafes rojos</subfield></datafield><datafield tag="500" ind1=" " ind2=" "><subfield code="a">Copista: Desconocido.</subfield></datafield><datafield tag="500" ind1=" " ind2=" "><subfield code="a">Colofón: No.</subfield></datafield><datafield tag="500" ind1=" " ind2=" "><subfield code="a">Características especiales: No.</subfield></datafield><datafield tag="500" ind1=" " ind2=" "><subfield code="a">Ilustración: No.</subfield></datafield><datafield tag="500" ind1=" " ind2=" "><subfield code="a">Ilustraciones: ‘Unwān. Cerezas y tres puntos en forma de pirámide.</subfield></datafield><datafield tag="500" ind1=" " ind2=" "><subfield code="a">Tipo de cuaderno: Cuaterniones y quiniones.</subfield></datafield><datafield tag="500" ind1=" " ind2=" "><subfield code="a">Deterioros: Esquina superior externa afectada por humedad y fuego. Toda la parte posterior, quemada, afectando tan solo a la parte superior de los últimos folios, así como a la cubierta posterior.</subfield></datafield><datafield tag="500" ind1=" " ind2=" "><subfield code="a">H. en blanco: 3 h. d. g. primeras, 1r, 39v-85v.</subfield></datafield><datafield tag="500" ind1=" " ind2=" "><subfield code="a">H. dañadas, mutiladas, sueltas: No.</subfield></datafield><datafield tag="500" ind1=" " ind2=" "><subfield code="a">H. faltan o añadidas: No.</subfield></datafield><datafield tag="500" ind1=" " ind2=" "><subfield code="a">Foliación: 1-85. Moderna, a lápiz, en el margen externo del recto, más bien centrado. Falta por foliar 40bis, está repetida 76.</subfield></datafield><datafield tag="500" ind1=" " ind2=" "><subfield code="a">Reclamos: En horizontal, en el margen inferior interno del verso del último folio del cuaderno.</subfield></datafield><datafield tag="500" ind1=" " ind2=" "><subfield code="a">Signatura de cuaderno: No.</subfield></datafield><datafield tag="500" ind1=" " ind2=" "><subfield code="a">Pautado: Mistara en el verso de algunas hojas y lápiz gris en el recto y verso de algunas hojas.</subfield></datafield><datafield tag="500" ind1=" " ind2=" "><subfield code="a">Filigrana: Cruz doble inserta en una lágrima; debajo, las letras “G A”. Mano con estrella de seis puntas.</subfield></datafield><datafield tag="500" ind1=" " ind2=" "><subfield code="a">Signatura antigua: Junta 23</subfield></datafield><datafield tag="500" ind1=" " ind2=" "><subfield code="a">Anotaciones: En el margen, para subsanar olvidos de copia</subfield></datafield><datafield tag="510" ind1="3" ind2=" "><subfield code="a">Descripción: Julián Ribera y Miguel Asín, Manuscritos árabes y aljamiados de la Biblioteca de la Junta, Madrid, Junta para Ampliación de Estudios e Investigaciones Científicas, 1912, pág. 107.</subfield></datafield><datafield tag="520" ind1="2" ind2=" "><subfield code="a">Rogaria para pedir por agua, en árabe y aljamía.</subfield></datafield><datafield tag="530" ind1=" " ind2=" "><subfield code="a">María Pilar Martínez Olmo, Colección de manuscritos árabes y aljamiados de la Biblioteca del Instituto de Filología del CSIC [recurso electrónico]: los manuscritos de la Junta, Madrid, CSIC, 1998, 4 Cd-Rom.</subfield></datafield><datafield tag="541" ind1=" " ind2=" "><subfield code="a">Procedencia: Almonacid de la Sierra.</subfield><subfield code="d">Ingreso: Junio de 1910.</subfield></datafield><datafield tag="546" ind1=" " ind2=" "><subfield code="a">Aljamía y árabe</subfield><subfield code="b">con escritura magrebí</subfield></datafield><datafield tag="563" ind1=" " ind2=" "><subfield code="a">Original, al menos coetánea. En cartera, muy deteriorada por el fuego.</subfield></datafield><datafield tag="594" ind1=" " ind2="1"><subfield code="a">Responsabilidad desconocida</subfield></datafield><datafield tag="650" ind1=" " ind2="7"><subfield code="a">Manuscritos árabes.</subfield><subfield code="2">CSICAU</subfield></datafield><datafield tag="650" ind1=" " ind2="7"><subfield code="a">Manuscritos aljamiados.</subfield><subfield code="2">CSICAU</subfield></datafield><datafield tag="650" ind1=" " ind2="7"><subfield code="a">Oraciones.</subfield><subfield code="2">CSICAU</subfield></datafield><datafield tag="830" ind1=" " ind2="0"><subfield code="a">Manuscripta</subfield></datafield><datafield tag="856" ind1="4" ind2="1"><subfield code="u">http://aleph.csic.es/imagenes/mad01/0006_PMSC/P_001227535_650941_V00.pdf</subfield><subfield code="z">Descargar Pdf completo (5.7M)</subfield><subfield code="m">CSIC</subfield></datafield><datafield tag="856" ind1="4" ind2="1"><subfield code="u">http://simurg.bibliotecas.csic.es/viewer/image/CSIC001227535/1/</subfield><subfield code="z">Ver texto completo en SIMURG, el portal de fondos digitalizados del CSIC</subfield><subfield code="m">CSIC</subfield></datafield><datafield tag="856" ind1="4" ind2="1"><subfield code="u">http://aleph.csic.es/imagenes/mad01/0006_PMSC/html/001227535.html</subfield><subfield code="z">Ver texto completo en Bookreader</subfield></datafield></record></metadata></record>